%Hinweis:
%Jeglicher Text, der nicht in einem Element ist, ist ein %Kommentar in Bibtex.
%Kommentare lösen mit BibLatex allerdings Warnungen in %BibTex aus (Junk charakters). Diese Warnungen können %ignoriert werden.
%
%%
%% von Google automatisch generiertes BibTex 
%% enthält häufig Fehler
%% Industry 4.0 wird hier nicht korrekt angezeigt.
@inproceedings{valdez2015reducing,
  title={Reducing complexity with simplicity-usability methods for Industry 4.0},
  author={Calero Valdez, Andr{\'e} and Brauner, Philipp and Schaar, Anne Kathrin and Holzinger, Andreas and Ziefle, Martina},
  booktitle={Proceedings 19th {Triennial} congress of the {IEA}},
  volume={9},
  pages={14},
  year={2015}
}


%% Buchbeispiel
@book{zobel2014writing,
  doi = {10.1007/978-1-4471-6639-9},
  url = {https://doi.org/10.1007/978-1-4471-6639-9},
  year = {2014},
  publisher = {Springer London},
  author = {Justin Zobel},
  title = {Writing for Computer Science}
}


%% Beispiel für einen Konferenzbeitrag
@inproceedings{Nielsen1990,
author = {Nielsen, Jakob and Molich, Rolf},
title = {Heuristic Evaluation of User Interfaces},
year = {1990},
isbn = {0201509326},
publisher = {Association for Computing Machinery},
address = {New York, NY, USA},
url = {https://doi.org/10.1145/97243.97281},
doi = {10.1145/97243.97281},
booktitle = {Proceedings of the SIGCHI Conference on Human Factors in Computing Systems},
pages = {249–256},
numpages = {8},
location = {Seattle, Washington, USA},
series = {CHI '90}
}

@article{hollan2000,
author = {Hollan, James and Hutchins, Edwin and Kirsh, David},
title = {Distributed Cognition: Toward a New Foundation for Human-Computer Interaction Research},
year = {2000},
issue_date = {June 2000},
publisher = {Association for Computing Machinery},
address = {New York, NY, USA},
volume = {7},
number = {2},
issn = {1073-0516},
url = {https://doi.org/10.1145/353485.353487},
doi = {10.1145/353485.353487},
journal = {ACM Trans. Comput.-Hum. Interact.},
pages = {174–196},
numpages = {23},
keywords = {distributed cognition, ethnography, cognitive science, research methodology, human-computer interaction}
}

 
