%
% Webseiten können über archive.org langfristig 
% archiviert werden.
% Dafür klickt man im Menü auf Web und kann dann
% rechts die URL eingeben und auf Save Now klicken.
% Am Ende bekommt man einen permanenten Link auf 
% den Stand der Webseite zu diesem Zeitpunkt
%
@online{webimis,
	author = {},
	title = {{I}nstitut für {M}ultimediale und {I}nteraktive {S}ysteme},
	howpublished = {\url{http://imis.uni-luebeck.de}},
    url={https://web.archive.org/web/20230929110531/https://www.imis.uni-luebeck.de/de},
	year = {2023},
	note = {Zugriff am 29.09.2023}
}
@online{inkscape,
  author = {{Inkscape Project}},
  title = {Inkscape},
  note = {\url{https://inkscape.org}, accessed on 2022-01-13},
  version = {0.92.5}, 
  date = {2020-04-16}
}
@online{overleaf,
  author = {{Overleaf c/o Digital Science}},
  title = {Overleaf},
  note = {\url{https://www.overleaf.com/project}, accessed on 2022-01-13}
}

@online{tikz,
  author = {Till Tantau},
  title = {The TikZ and PGF Packages},
  note = {\url{https://github.com/pgf-tikz/pgf}, accessed on 2022-01-13},
  version = {3.1.9a},
  date = {2021-05-15}
}


@online{multirow,
  author = {Pieter van Oostrum},
  title = {Multirow Package},
  note = {\url{https://github.com/pietvo/multirow}, accessed on 2022-01-13},
  version = {2.8},
  date = {2021-03-15}
}

@online{bibtex,
  author = {Oren Patashnik},
  title = {Multirow Package},
  note = {\url{https://tug.org/bibtex/}, accessed on 2022-01-13},
  version = {0.99d},
  date = {2021-06-30}
}

@online{algorithm2e,
  author = {Christophe Fiorio},
  title = {algorithm2e Package},
  note = {\url{https://ctan.space-pro.be/tex-archive/macros/latex/contrib/algorithm2e/doc/algorithm2e.pdf}, accessed on 2022-01-17},
  version = {5.3},
  date = {2017-07-18},
  year = {2017}
}